<record><leader>00000cas a22000007a 4500</leader><controlfield tag="001">11579108</controlfield><controlfield tag="008">850114d18941903wiuwr ne      0    0eng d</controlfield><datafield ind1=" " ind2=" " tag="010"><subfield code="a">sn 85040008 </subfield></datafield><datafield ind1=" " ind2=" " tag="040"><subfield code="a">NPV</subfield><subfield code="b">eng</subfield><subfield code="c">NPV</subfield><subfield code="d">OCLCQ</subfield></datafield><datafield ind1=" " ind2=" " tag="042"><subfield code="a">msc</subfield></datafield><datafield ind1=" " ind2=" " tag="043"><subfield code="a">n-us-wi</subfield></datafield><datafield ind1=" " ind2=" " tag="045"><subfield code="a">w9x0</subfield></datafield><datafield ind1=" " ind2=" " tag="052"><subfield code="a">4123</subfield><subfield code="b">I6</subfield></datafield><datafield ind1="0" ind2="0" tag="245"><subfield code="a">Iron County Republican.</subfield></datafield><datafield ind1=" " ind2=" " tag="260"><subfield code="a">Hurley, Wis. :</subfield><subfield code="b">Iron County Pub.,</subfield><subfield code="c">1894-1903.</subfield></datafield><datafield ind1=" " ind2=" " tag="300"><subfield code="a">10 v. :</subfield><subfield code="b">ill.</subfield></datafield><datafield ind1=" " ind2=" " tag="310"><subfield code="a">Weekly</subfield></datafield><datafield ind1="0" ind2=" " tag="362"><subfield code="a">Vol. 1, no. 1 (June 8, 1894)-v. 10, no. 20 (Oct. 31, 1903).</subfield></datafield><datafield ind1=" " ind2=" " tag="500"><subfield code="a">Publisher varies.</subfield></datafield><datafield ind1=" " ind2=" " tag="500"><subfield code="a">Editor: W.H. Bridgman, 1894-1901.</subfield></datafield><datafield ind1=" " ind2=" " tag="752"><subfield code="a">United States</subfield><subfield code="b">Wisconsin</subfield><subfield code="c">Iron</subfield><subfield code="d">Hurley.</subfield></datafield><datafield ind1="0" ind2="7" tag="785"><subfield code="t">Montreal River miner and Gogebic Iron tribune</subfield><subfield code="w">(DLC)sn 85040645</subfield></datafield><datafield ind1="0" ind2="7" tag="785"><subfield code="t">Montreal River miner and Iron County Republican</subfield><subfield code="w">(DLC)sn 85040646</subfield></datafield><datafield ind1="1" ind2=" " tag="029"><subfield code="a">AU@</subfield><subfield code="b">000025795521</subfield></datafield></record>